@book{silverman,
    author        = "Silverman, Joseph H",
    title         = "{The Arithmetic of Elliptic Curves}",
    publisher     = "Springer",
    year          = "2009"
}